@article{kejriwal2019pipeline,
  title={A Pipeline for Rapid Post-Crisis Twitter Data Acquisition, Filtering and Visualization},
  author={Kejriwal, Mayank and Gu, Yao},
  journal={Technologies},
  volume={7},
  number={2},
  pages={33},
  year={2019},
  publisher={Multidisciplinary Digital Publishing Institute}
}

@inproceedings{anderson2011design,
  title={Design and implementation of a data analytics infrastructure in support of crisis informatics research (NIER track)},
  author={Anderson, Kenneth M and Schram, Aaron},
  booktitle={Proceedings of the 33rd International Conference on Software Engineering},
  pages={844--847},
  year={2011},
  organization={ACM}
}

@inproceedings{schram2012mysql,
  title={MySQL to NoSQL: data modeling challenges in supporting scalability},
  author={Schram, Aaron and Anderson, Kenneth M},
  booktitle={Proceedings of the 3rd annual conference on Systems, programming, and applications: software for humanity},
  pages={191--202},
  year={2012},
  organization={ACM}
}

@article{anderson2013architectural,
  title={Architectural Implications of Social Media Analytics in Support of Crisis Informatics Research.},
  author={Anderson, Kenneth Mark and Schram, Aaron and Alzabarah, Ali and Palen, Leysia},
  journal={IEEE Data Eng. Bull.},
  volume={36},
  number={3},
  pages={13--20},
  year={2013}
}

@inproceedings{barrenechea2015getting,
  title={Getting the query right: User interface design of analysis platforms for crisis research},
  author={Barrenechea, Mario and Anderson, Kenneth M and Aydin, Ahmet Arif and Hakeem, Mazin and Jambi, Sahar},
  booktitle={International Conference on Web Engineering},
  pages={547--564},
  year={2015},
  organization={Springer}
}

@inproceedings{anderson2015design,
  title={Design challenges/solutions for environments supporting the analysis of social media data in crisis informatics research},
  author={Anderson, Kenneth M and Aydin, Ahmet Arif and Barrenechea, Mario and Cardenas, Adam and Hakeem, Mazin and Jambi, Sahar},
  booktitle={2015 48th Hawaii International Conference on System Sciences},
  pages={163--172},
  year={2015},
  organization={IEEE}
}

@book{microservices,
	author = {Newman, Sam},
	title = {Building Microservices},
	year = {2015},
	isbn = {1491950358, 9781491950357},
	edition = {1st},
	publisher = {O'Reilly Media, Inc.}}
	
	
@misc{tweetsRecord,
	Author = {Raffi Krikorian},
	Date-Added = {2017-07-05 17:02:49 +0000},
	Date-Modified = {2017-07-05 17:06:47 +0000},
	Lastchecked = {July 1th 2019},
	Title = {New Tweets per Second Record, and How!},
	Url = {https://blog.twitter.com/engineering/en_us/a/2013/new-tweets-per-second-record-and-how.html},
	Bdsk-Url-1 = {https://blog.twitter.com/engineering/en_us/a/2013/new-tweets-per-second-record-and-how.html}}
	
	
@inproceedings{Anderson:2015b,
  author    = "Kenneth M. Anderson",
  title     = "Embrace the Challenges: Software Engineering
               in a Big Data World",
  booktitle = "1st International Workshop on Big Data
               Software Engineering, part of the 2015
               International Conference on Software
               Engineering",
  pages     = "19--25",
  month     = "May",
  year      = "2015"
}


@book{gradybook,
 author = {Booch, Grady},
 title = {Object-Oriented Analysis and Design with Applications (3rd Edition)},
 year = {2004},
 isbn = {020189551X},
 publisher = {Addison Wesley Longman Publishing Co., Inc.},
 address = {Redwood City, CA, USA},
}


@mastersthesis{casas2017big,
  title={Big data analytics on container-orchestrated systems},
  author={Casas S{\'a}ez, Gerard},
  type={{B.S.} thesis},
  year={2017},
  school={Universitat Polit{\`e}cnica de Catalunya}
}

@inproceedings{khaleq2018cloud,
  title={Cloud-Based Disaster Management as a Service: A Microservice Approach for Hurricane Twitter Data Analysis},
  author={Khaleq, Abeer Abdel and Ra, Ilkyeun},
  booktitle={2018 IEEE Global Humanitarian Technology Conference (GHTC)},
  pages={1--8},
  year={2018},
  organization={IEEE}
}

@inproceedings{anderson2019incorporating,
  title={Incorporating Context and Location Into Social Media Analysis: A Scalable, Cloud-Based Approach for More Powerful Data Science},
  author={Anderson, Jennings and Casas Saez, Gerard and Anderson, Kenneth and Palen, Leysia and Morss, Rebecca},
  booktitle={Proceedings of the 52nd Hawaii International Conference on System Sciences},
  year={2019}
}

@inproceedings{kumar2011tweettracker,
  title={Tweettracker: An analysis tool for humanitarian and disaster relief},
  author={Kumar, Shamanth and Barbier, Geoffrey and Abbasi, Mohammad Ali and Liu, Huan},
  booktitle={Fifth international AAAI conference on weblogs and social media},
  year={2011}
}

@inproceedings{ashktorab2014tweedr,
  title={Tweedr: Mining twitter to inform disaster response.},
  author={Ashktorab, Zahra and Brown, Christopher and Nandi, Manojit and Culotta, Aron},
  booktitle={ISCRAM},
  year={2014}
}

@article{oussalah2013software,
  title={A software architecture for Twitter collection, search and geolocation services},
  author={Oussalah, Mourad and Bhat, F and Challis, Kate and Schnier, Thorsten},
  journal={Knowledge-Based Systems},
  volume={37},
  pages={105--120},
  year={2013},
  publisher={Elsevier}
}

@article{madhavilatha2016streaming,
  title={Streaming Data Analysis using Apache Cassandra and Zeppelin},
  author={MadhaviLatha, A and Kumar, G Vijaya},
  journal={IJISET-International Journal of Innovative Science, Engineering \& Technology},
  volume={3},
  number={10},
  year={2016}
}

@book{fielding2000architectural,
  title={Architectural styles and the design of network-based software architectures},
  author={Fielding, Roy T and Taylor, Richard N},
  volume={7},
  year={2000},
  publisher={University of California, Irvine Doctoral dissertation}
}

@techreport{ciscoreport,
	Author = {Cisco},
	Date-Added = {2017-07-06 17:03:05 +0000},
	Date-Modified = {2017-07-06 17:07:37 +0000},
	Institution = {Cisco},
	Month = {June},
	Rating = {5},
	Url = {http://www.cisco.com/c/en/us/solutions/collateral/service-provider/visual-networking-index-vni/complete-white-paper-c11-481360.pdf},
	Read = {0},
	Title = {Cisco Visual Networking Index: Forecast and Cisco Visual Networking Cisco Visual Networking Index: Forecast and Methodology, 2016--2021},
	Year = {2017}}